<record><leader>00000cas a22000007a 4500</leader><controlfield tag="001">12499025</controlfield><controlfield tag="007">hd afu---buca</controlfield><controlfield tag="008">850906d19551956nyuuu n a     0   a0eng c</controlfield><datafield ind1=" " ind2=" " tag="010"><subfield code="a">sn 85061959 </subfield></datafield><datafield ind1=" " ind2=" " tag="040"><subfield code="a">HLS</subfield><subfield code="b">eng</subfield><subfield code="c">HLS</subfield><subfield code="d">HUL</subfield><subfield code="d">OCLCQ</subfield><subfield code="d">OCLCF</subfield><subfield code="d">OCLCO</subfield></datafield><datafield ind1=" " ind2=" " tag="012"><subfield code="i">8510</subfield></datafield><datafield ind1="1" ind2=" " tag="029"><subfield code="a">AU@</subfield><subfield code="b">000025320681</subfield></datafield><datafield ind1=" " ind2=" " tag="042"><subfield code="a">pcc</subfield></datafield><datafield ind1=" " ind2=" " tag="043"><subfield code="a">n-us-ny</subfield></datafield><datafield ind1="0" ind2=" " tag="130"><subfield code="a">Examiner (Brooklyn, N.Y. : 1955)</subfield></datafield><datafield ind1="1" ind2="4" tag="245"><subfield code="a">The examiner</subfield><subfield code="h">[microform].</subfield></datafield><datafield ind1=" " ind2=" " tag="260"><subfield code="a">Brooklyn :</subfield><subfield code="b">Judea Pub. Corp.,</subfield><subfield code="c">1955-</subfield></datafield><datafield ind1=" " ind2=" " tag="300"><subfield code="a">v. :</subfield><subfield code="b">ill.</subfield></datafield><datafield ind1="0" ind2=" " tag="362"><subfield code="a">Vol. 52, no. 26 (July 1, 1955)-</subfield></datafield><datafield ind1="1" ind2=" " tag="362"><subfield code="a">Ceased in 1956.</subfield></datafield><datafield ind1=" " ind2=" " tag="500"><subfield code="a">Title from caption.</subfield></datafield><datafield ind1=" " ind2=" " tag="580"><subfield code="a">Merged with: American Hebrew, to form: American examiner.</subfield></datafield><datafield ind1=" " ind2=" " tag="533"><subfield code="a">Microfilm.</subfield><subfield code="b">New York :</subfield><subfield code="c">New York Public Library.</subfield><subfield code="e">1 microfilm reel ; 4 in., 35 mm.</subfield></datafield><datafield ind1=" " ind2="0" tag="650"><subfield code="a">Jews</subfield><subfield code="v">Periodicals.</subfield></datafield><datafield ind1=" " ind2="7" tag="655"><subfield code="a">Periodicals.</subfield><subfield code="2">fast</subfield><subfield code="0">(OCoLC)fst01411641</subfield></datafield><datafield ind1=" " ind2="7" tag="650"><subfield code="a">Jews.</subfield><subfield code="2">fast</subfield><subfield code="0">(OCoLC)fst00983135</subfield></datafield><datafield ind1=" " ind2=" " tag="752"><subfield code="a">United States</subfield><subfield code="b">New York</subfield><subfield code="d">Brooklyn.</subfield></datafield><datafield ind1="0" ind2="0" tag="780"><subfield code="t">Jewish examiner (Brooklyn, N.Y. : 1951)</subfield><subfield code="w">(DLC)sn 85062174</subfield><subfield code="w">(OCoLC)12544290</subfield></datafield><datafield ind1="1" ind2="7" tag="785"><subfield code="t">American Hebrew</subfield></datafield><datafield ind1="1" ind2="7" tag="785"><subfield code="t">American examiner</subfield></datafield><datafield ind1=" " ind2=" " tag="850"><subfield code="a">MH</subfield></datafield></record>